%% This BibTeX bibliography file was created using BibDesk.
%% https://bibdesk.sourceforge.io/

%% Created for Biagio at 2022-06-12 18:24:48 +0200 


%% Saved with string encoding Unicode (UTF-8) 



@article{dorsemaine,
	author = {Dorsemaine, Bruno and Gaulier, Jean-Philippe and Wary, Jean-Philippe and Kheir, Nizar and Urien, Pascal},
	booktitle = {2015 9th International Conference on Next Generation Mobile Applications, Services and Technologies},
	date-added = {2022-06-08 10:33:36 +0200},
	date-modified = {2022-06-08 10:33:36 +0200},
	doi = {10.1109/NGMAST.2015.71},
	pages = {72-77},
	title = {Internet of Things: A Definition and Taxonomy},
	year = {2015},
	bdsk-url-1 = {https://doi.org/10.1109/NGMAST.2015.71}}

@article{belgium,
	article-number = {4794},
	author = {Singh, Ritesh Kumar and Puluckul, Priyesh Pappinisseri and Berkvens, Rafael and Weyn, Maarten},
	date-added = {2022-06-12 12:07:54 +0200},
	date-modified = {2022-06-12 12:08:00 +0200},
	doi = {10.3390/s20174794},
	issn = {1424-8220},
	journal = {Sensors},
	number = {17},
	title = {Energy Consumption Analysis of LPWAN Technologies and Lifetime Estimation for IoT Application},
	url = {https://www.mdpi.com/1424-8220/20/17/4794},
	volume = {20},
	year = {2020},
	bdsk-url-1 = {https://www.mdpi.com/1424-8220/20/17/4794},
	bdsk-url-2 = {https://doi.org/10.3390/s20174794}}

@inproceedings{vejlgaard,
	author = {Vejlgaard, Benny and Lauridsen, Mads and Nguyen, Huan and Kovacs, Istvan Z. and Mogensen, Preben and Sorensen, Mads},
	booktitle = {2017 IEEE 85th Vehicular Technology Conference (VTC Spring)},
	date-added = {2022-06-12 10:18:29 +0200},
	date-modified = {2022-06-12 10:18:36 +0200},
	doi = {10.1109/VTCSpring.2017.8108666},
	pages = {1-5},
	title = {Coverage and Capacity Analysis of Sigfox, LoRa, GPRS, and NB-IoT},
	year = {2017},
	bdsk-url-1 = {https://doi.org/10.1109/VTCSpring.2017.8108666}}

@inproceedings{reynders,
	author = {Reynders, Brecht and Pollin, Sofie},
	booktitle = {2016 Symposium on Communications and Vehicular Technologies (SCVT)},
	date-added = {2022-06-12 10:01:12 +0200},
	date-modified = {2022-06-12 10:01:17 +0200},
	doi = {10.1109/SCVT.2016.7797659},
	pages = {1-5},
	title = {Chirp spread spectrum as a modulation technique for long range communication},
	year = {2016},
	bdsk-url-1 = {https://doi.org/10.1109/SCVT.2016.7797659}}

@inproceedings{boisguene,
	author = {Boisguene, Rubbens and Tseng, Sheng-Chia and Huang, Chih-Wei and Lin, Phone},
	booktitle = {2017 13th International Wireless Communications and Mobile Computing Conference (IWCMC)},
	date-added = {2022-06-11 19:08:04 +0200},
	date-modified = {2022-06-11 19:08:10 +0200},
	doi = {10.1109/IWCMC.2017.7986344},
	pages = {547-551},
	title = {A survey on NB-IoT downlink scheduling: Issues and potential solutions},
	year = {2017},
	bdsk-url-1 = {https://doi.org/10.1109/IWCMC.2017.7986344}}

@article{lavaric,
	author = {Lavric, Alexandru and Petrariu, Adrian I. and Popa, Valentin},
	date-added = {2022-06-11 16:48:58 +0200},
	date-modified = {2022-06-11 16:49:03 +0200},
	doi = {10.1109/ACCESS.2019.2903157},
	journal = {IEEE Access},
	pages = {35816-35825},
	title = {Long Range SigFox Communication Protocol Scalability Analysis Under Large-Scale, High-Density Conditions},
	volume = {7},
	year = {2019},
	bdsk-url-1 = {https://doi.org/10.1109/ACCESS.2019.2903157}}

@inproceedings{mekki,
	author = {Mekki, Kais and Bajic, Eddy and Chaxel, Frederic and Meyer, Fernand},
	booktitle = {2018 IEEE International Conference on Pervasive Computing and Communications Workshops (PerCom Workshops)},
	date-added = {2022-06-11 16:28:28 +0200},
	date-modified = {2022-06-11 16:28:33 +0200},
	doi = {10.1109/PERCOMW.2018.8480255},
	month = {March},
	pages = {197-202},
	title = {Overview of Cellular LPWAN Technologies for IoT Deployment: Sigfox, LoRaWAN, and NB-IoT},
	year = {2018},
	bdsk-url-1 = {https://doi.org/10.1109/PERCOMW.2018.8480255}}

@inproceedings{yaakop,
	author = {Yaakop, Muhyi and Malik, Izwan and Suboh, Zubir and Ramli, Aizat and Abu, Mohd Azlan},
	date-added = {2022-06-10 16:02:48 +0200},
	date-modified = {2022-06-10 16:02:55 +0200},
	doi = {10.1109/ICE2T.2017.8215995},
	month = {09},
	pages = {1-6},
	title = {Bluetooth 5.0 throughput comparison for internet of thing usability a survey},
	year = {2017},
	bdsk-url-1 = {https://doi.org/10.1109/ICE2T.2017.8215995}}

@article{morgan,
	author = {Ahmed A. Morgan and Ghada S. Bin Humaid and Abdellatif I. Moustafa},
	date-added = {2022-06-10 15:17:28 +0200},
	date-modified = {2022-06-10 15:17:33 +0200},
	doi = {https://doi.org/10.1016/j.compeleceng.2021.107314},
	issn = {0045-7906},
	journal = {Computers \& Electrical Engineering},
	keywords = {Bluetooth Low Energy (BLE), Coverage range, Distance estimation, Location beacon, Path loss model, Proximity beacon, Proximity estimation, Received Signal Strength Indicator (RSSI)},
	pages = {107314},
	title = {Using Bluetooth Low Energy for positioning systems within overcrowded environments: A real in-field evaluation},
	url = {https://www.sciencedirect.com/science/article/pii/S0045790621002895},
	volume = {93},
	year = {2021},
	bdsk-url-1 = {https://www.sciencedirect.com/science/article/pii/S0045790621002895},
	bdsk-url-2 = {https://doi.org/10.1016/j.compeleceng.2021.107314}}

@inproceedings{siekkinen,
	author = {Siekkinen, Matti and Hiienkari, Markus and Nurminen, Jukka K. and Nieminen, Johanna},
	booktitle = {2012 IEEE Wireless Communications and Networking Conference Workshops (WCNCW)},
	date-added = {2022-06-10 15:03:04 +0200},
	date-modified = {2022-06-10 15:03:12 +0200},
	doi = {10.1109/WCNCW.2012.6215496},
	pages = {232-237},
	title = {How low energy is bluetooth low energy? Comparative measurements with ZigBee/802.15.4},
	year = {2012},
	bdsk-url-1 = {https://doi.org/10.1109/WCNCW.2012.6215496}}

@inproceedings{du,
	author = {Du, Peng and Roussos, George},
	booktitle = {2012 4th Computer Science and Electronic Engineering Conference (CEEC)},
	date-added = {2022-06-09 19:12:02 +0200},
	date-modified = {2022-06-09 19:12:07 +0200},
	doi = {10.1109/CEEC.2012.6375374},
	pages = {29-34},
	title = {Adaptive time slotted channel hopping for wireless sensor networks},
	year = {2012},
	bdsk-url-1 = {https://doi.org/10.1109/CEEC.2012.6375374}}

@inproceedings{polastre,
	address = {New York, NY, USA},
	author = {Polastre, Joseph and Hill, Jason and Culler, David},
	booktitle = {Proceedings of the 2nd International Conference on Embedded Networked Sensor Systems},
	date-added = {2022-06-09 18:47:04 +0200},
	date-modified = {2022-06-12 10:02:32 +0200},
	doi = {10.1145/1031495.1031508},
	isbn = {1581138792},
	keywords = {wireless sensor networks, media access protocols, reconfigurable protocols, energy efficient operation, networking, communication interfaces},
	location = {Baltimore, MD, USA},
	numpages = {13},
	pages = {95--107},
	publisher = {Association for Computing Machinery},
	series = {SenSys '04},
	title = {Versatile Low Power Media Access for Wireless Sensor Networks},
	url = {https://doi.org/10.1145/1031495.1031508},
	year = {2004},
	bdsk-url-1 = {https://doi.org/10.1145/1031495.1031508}}

@inproceedings{sha_mo,
	address = {New York, NY, USA},
	author = {Sha, Mo and Hackmann, Gregory and Lu, Chenyang},
	booktitle = {Proceedings of the 12th International Conference on Information Processing in Sensor Networks},
	date-added = {2022-06-09 18:39:54 +0200},
	date-modified = {2022-06-09 18:40:13 +0200},
	doi = {10.1145/2461381.2461415},
	isbn = {9781450319591},
	keywords = {low power listening, wireless sensor networks, CCA control},
	location = {Philadelphia, Pennsylvania, USA},
	numpages = {12},
	pages = {277--288},
	publisher = {Association for Computing Machinery},
	series = {IPSN '13},
	title = {Energy-Efficient Low Power Listening for Wireless Sensor Networks in Noisy Environments},
	url = {https://doi.org/10.1145/2461381.2461415},
	year = {2013},
	bdsk-url-1 = {https://doi.org/10.1145/2461381.2461415}}

@article{802_15_4,
	date-added = {2022-06-09 16:57:26 +0200},
	date-modified = {2022-06-09 16:57:43 +0200},
	doi = {10.1109/IEEESTD.2011.6012487},
	journal = {IEEE Std 802.15.4-2011 (Revision of IEEE Std 802.15.4-2006)},
	pages = {1-314},
	title = {IEEE Standard for Local and metropolitan area networks--Part 15.4: Low-Rate Wireless Personal Area Networks (LR-WPANs)},
	year = {2011},
	bdsk-url-1 = {https://doi.org/10.1109/IEEESTD.2011.6012487}}

@article{sobin,
	author = {Sobin, C. C.},
	date = {2020/06/01},
	date-added = {2022-06-08 14:32:23 +0200},
	date-modified = {2022-06-08 14:32:28 +0200},
	doi = {10.1007/s11277-020-07108-5},
	id = {Sobin2020},
	isbn = {1572-834X},
	journal = {Wireless Personal Communications},
	number = {3},
	pages = {1383--1429},
	title = {A Survey on Architecture, Protocols and Challenges in IoT},
	url = {https://doi.org/10.1007/s11277-020-07108-5},
	volume = {112},
	year = {2020},
	bdsk-url-1 = {https://doi.org/10.1007/s11277-020-07108-5}}

@article{sisinni,
	author = {Sisinni, Emiliano and Saifullah, Abusayeed and Han, Song and Jennehag, Ulf and Gidlund, Mikael},
	doi = {10.1109/TII.2018.2852491},
	journal = {IEEE Transactions on Industrial Informatics},
	number = {11},
	pages = {4724-4734},
	title = {Industrial Internet of Things: Challenges, Opportunities, and Directions},
	volume = {14},
	year = {2018},
	bdsk-url-1 = {https://doi.org/10.1109/TII.2018.2852491}}

@article{mahmoud,
	author = {Mahmoud, Mahmoud S and Mohamad, Auday AH},
	publisher = {Scientific Research Publishing},
	title = {A study of efficient power consumption wireless communication techniques/modules for internet of things (IoT) applications},
	year = {2016}}
